@ARTICLE{1981A&AS...44..363W,
  author =       {{Wells}, D.~C. and {Greisen}, E.~W. and {Harten},
                  R.~H.},
  title =        "{FITS -- a Flexible Image Transport System}",
  journal =      {\aaps},
  year =         1981,
  month =        jun,
  volume =       44,
  pages =        363,
  adsurl =       {http://adsabs.harvard.edu/abs/1981A%26AS...44..363W},
  adsnote =      {Provided by the SAO/NASA Astrophysics Data System}
}

@ARTICLE{1982QJRAS..23..485D,
  author =       {{Disney}, M.~J. and {Wallace}, P.~T.},
  title =        "{STARLINK}",
  journal =      {\qjras},
  year =         1982,
  month =        dec,
  volume =       23,
  pages =        485,
  adsurl =       {http://adsabs.harvard.edu/abs/1982QJRAS..23..485D},
  adsnote =      {Provided by the SAO/NASA Astrophysics Data System}
}

@ARTICLE{1986QJRAS..27..675.,
  author =       "A. Hewish and others",
  title =        "{Mullard Radio Astronomy Observatory, University of
                  Cambridge (Reports of Observatories)}",
  journal =      {\qjras},
  year =         1986,
  month =        dec,
  volume =       27,
  pages =        675,
  adsurl =       {http://adsabs.harvard.edu/abs/1986QJRAS..27..675.},
  adsnote =      {Provided by the SAO/NASA Astrophysics Data System}
}

@INPROCEEDINGS{1986SPIE..598..134B,
  author =       {{Bos}, A.},
  title =        "{Backend spectrometers - A review}",
  keywords =     {ASTRONOMICAL SPECTROSCOPY, MICROWAVE SPECTROMETERS,
                  RADIO SPECTROSCOPY, ARCHITECTURE (COMPUTERS),
                  MILLIMETER WAVES, MULTIPLEXING, SPECTRAL RESOLUTION},
  booktitle =    {Instrumentation for submillimeter spectroscopy},
  year =         1986,
  series =       procspie,
  volume =       598,
  editor =       {{Kollberg}, E.},
  pages =        {134-140},
  doi =          {10.1117/12.952332},
  adsurl =       {http://adsabs.harvard.edu/abs/1986SPIE..598..134B},
  adsnote =      {Provided by the SAO/NASA Astrophysics Data System}
}

@Article{1987NRAO30,
  author =       {E. Stobie},
  title =        {New data format for the 12-m telescope},
  journal =      {NRAO Newsletter},
  year =         1987,
  volume =       30,
  pages =        3,
}

@ARTICLE{1988A&AS...73..365H,
  author =       {{Harten}, R.~H. and {Grosbol}, P. and {Greisen},
                  E.~W. and {Wells}, D.~C.  },
  title =        "{The FITS tables extension}",
  journal =      {\aaps},
  keywords =     {DATA TRANSMISSION, IMAGE PROCESSING, MAGNETIC TAPE
                  TRANSPORTS, ASTRONOMICAL CATALOGS, DATA BASES, DATA
                  PROCESSING, DATA RECORDING, FORMAT, TABLES (DATA)},
  year =         1988,
  month =        jun,
  volume =       73,
  pages =        {365-372},
  adsurl =       {http://adsabs.harvard.edu/abs/1988A%26AS...73..365H},
  adsnote =      {Provided by the SAO/NASA Astrophysics Data System}
}

@ARTICLE{1990MNRAS.243..126D,
  author =       {{Duncan}, W.~D. and {Robson}, E.~I. and {Ade},
                  P.~A.~R. and {Sandell}, G. and {Griffin}, M.~J.},
  title =        "{A millimetre/submillimetre common user photometer
                  for the James Clerk Maxwell Telescope}",
  journal =      {\mnras},
  keywords =     {Astronomical Photometry, Atmospheric Windows,
                  Bolometers, Infrared Spectrophotometers, Microwave
                  Sensors, Telescopes, Bandpass Filters, Cryostats,
                  Germanium, Polarimeters},
  year =         1990,
  month =        mar,
  volume =       243,
  pages =        {126-132},
  adsurl =       {http://adsabs.harvard.edu/abs/1990MNRAS.243..126D},
  adsnote =      {Provided by the SAO/NASA Astrophysics Data System}
}

@Article{1990JCMTP...9...25P,
  author =       {Rachael Padman},
  title =        {SPECX Corner},
  journal =      {PROTOSTAR: The Newsletter of the JCMT},
  year =         1990,
  volume =       9,
  pages =        {25-27},
}

@ARTICLE{1995A&AS..113..159C,
  author =       {{Cotton}, W.~D. and {Tody}, D. and {Pence}, W.~D.},
  title =        "{Binary table extension to FITS.}",
  journal =      {\aaps},
  keywords =     {TECHNIQUES: MISCELLANEOUS, IMAGE PROCESSING},
  year =         1995,
  month =        oct,
  volume =       113,
  pages =        159,
  adsurl =       {http://adsabs.harvard.edu/abs/1995A%26AS..113..159C},
  adsnote =      {Provided by the SAO/NASA Astrophysics Data System}
}

@INPROCEEDINGS{1997ASPC..125..397T,
  author =       {{Tilanus}, R.~P.~J. and {Jenness}, T. and
                  {Economou}, F. and {Cockayne}, S.},
  title =        "{The JCMT Telescope Management System}",
  booktitle =    {Astronomical Data Analysis Software and Systems VI},
  year =         1997,
  series =       {\aspconf},
  volume =       125,
  editor =       {{Hunt}, G. and {Payne}, H.},
  pages =        397,
  adsurl =       {http://adsabs.harvard.edu/abs/1997ASPC..125..397T},
  adsnote =      {Provided by the SAO/NASA Astrophysics Data System}
}

@INPROCEEDINGS{1997ASPC..125..401J,
  author =       {{Jenness}, T. and {Economou}, F. and {Tilanus},
                  R.~P.~J.},
  title =        "{Remote Eavesdropping at the JCMT via the World Wide
                  Web}",
  booktitle =    {Astronomical Data Analysis Software and Systems VI},
  year =         1997,
  series =       {\aspconf},
  volume =       125,
  editor =       {{Hunt}, G. and {Payne}, H.},
  pages =        401,
  adsurl =       {http://adsabs.harvard.edu/abs/1997ASPC..125..401J},
  adsnote =      {Provided by the SAO/NASA Astrophysics Data System}
}

@ARTICLE{1999MNRAS.303..659H,
  author =       {{Holland}, W.~S. and {Robson}, E.~I. and {Gear},
                  W.~K. and {Cunningham}, C.~R. and {Lightfoot},
                  J.~F. and {Jenness}, T. and {Ivison}, R.~J. and
                  {Stevens}, J.~A. and {Ade}, P.~A.~R. and {Griffin},
                  M.~J. and {Duncan}, W.~D. and {Murphy}, J.~A. and
                  {Naylor}, D.~A.},
  title =        "{SCUBA: a common-user submillimetre camera operating
                  on the James Clerk Maxwell Telescope}",
  journal =      {\mnras},
  eprint =       {astro-ph/9809122},
  keywords =     {INSTRUMENTATION: DETECTORS, TELESCOPES, DUST,
                  EXTINCTION, RADIO CONTINUUM: GALAXIES, RADIO
                  CONTINUUM: ISM, RADIO CONTINUUM: STARS},
  year =         1999,
  month =        mar,
  volume =       303,
  pages =        {659-672},
  doi =          {10.1046/j.1365-8711.1999.02111.x},
  adsurl =       {http://adsabs.harvard.edu/abs/1999MNRAS.303..659H},
  adsnote =      {Provided by the SAO/NASA Astrophysics Data System}
}

@INPROCEEDINGS{2000ASPC..216..243G,
  author =       {{Garwood}, R.~W.},
  title =        "{SDFITS: A Standard for Storage and Interchange of
                  Single Dish Data}",
  booktitle =    {Astronomical Data Analysis Software and Systems IX},
  year =         2000,
  series =       {\aspconf},
  volume =       216,
  editor =       {{Manset}, N. and {Veillet}, C. and {Crabtree}, D.},
  pages =        243,
  adsurl =       {http://adsabs.harvard.edu/abs/2000ASPC..216..243G},
  adsnote =      {Provided by the SAO/NASA Astrophysics Data System}
}

@ARTICLE{2009MNRAS.399.1026B,
  author =       {{Buckle}, J.~V. and {Hills}, R.~E. and {Smith},
                  H. and {Dent}, W.~R.~F. and {Bell}, G. and {Curtis},
                  E.~I. and {Dace}, R. and {Gibson}, H. and {Graves},
                  S.~F. and {Leech}, J. and {Richer}, J.~S. and
                  {Williamson}, R. and {Withington}, S. and {Yassin},
                  G. and {Bennett}, R. and {Hastings}, P. and
                  {Laidlaw}, I. and {Lightfoot}, J.~F. and {Burgess},
                  T. and {Dewdney}, P.~E. and {Hovey}, G. and
                  {Willis}, A.~G. and {Redman}, R. and {Wooff}, B. and
                  {Berry}, D.~S. and {Cavanagh}, B. and {Davis},
                  G.~R. and {Dempsey}, J. and {Friberg}, P. and
                  {Jenness}, T. and {Kackley}, R. and {Rees},
                  N.~P. and {Tilanus}, R. and {Walther}, C. and
                  {Zwart}, W. and {Klapwijk}, T.~M. and {Kroug},
                  M. and {Zijlstra}, T.},
  title =        "{HARP/ACSIS: a submillimetre spectral imaging system
                  on the James Clerk Maxwell Telescope}",
  journal =      {\mnras},
  archivePrefix ="arXiv",
  eprint =       {0907.3610},
  primaryClass = "astro-ph.IM",
  keywords =     {instrumentation: detectors , instrumentation:
                  spectrographs , methods: observational , techniques:
                  image processing , techniques: spectroscopic ,
                  submillimetre},
  year =         2009,
  month =        oct,
  volume =       399,
  pages =        1026,
  doi =          {10.1111/j.1365-2966.2009.15347.x},
  adsurl =       {http://adsabs.harvard.edu/abs/2009MNRAS.399.1026B},
  adsnote =      {Provided by the SAO/NASA Astrophysics Data System}
}

@ARTICLE{2013MNRAS.430.2513H,
  author =       {{Holland}, W.~S. and others},
  title =        "{SCUBA-2: the 10 000 pixel bolometer camera on the
                  James Clerk Maxwell Telescope}",
  journal =      {\mnras},
  keywords =     {instrumentation: detectors, submillimetre: general},
  year =         2013,
  month =        apr,
  volume =       430,
  pages =        {2513-2533},
  doi =          {10.1093/mnras/sts612},
  adsurl =       {http://adsabs.harvard.edu/abs/2013MNRAS.430.2513H},
  adsnote =      {Provided by the SAO/NASA Astrophysics Data System}
}

@MISC{2013ascl.soft10007J,
  author =       {{Jenness}, T. and {Chapin}, E.~L. and {Berry},
                  D.~S. and {Gibb}, A.~G. and {Tilanus}, R.~P.~J. and
                  {Balfour}, J. and {Tilanus}, V. and {Currie}, M.~J.},
  title =        "{SMURF: SubMillimeter User Reduction Facility}",
  howpublished = {Astrophysics Source Code Library},
  year =         2013,
  archivePrefix ="ascl",
  eprint =       {1310.007},
  month =        oct,
  adsurl =       {http://adsabs.harvard.edu/abs/2013ascl.soft10007J},
  adsnote =      {Provided by the SAO/NASA Astrophysics Data System}
}

@Article{2015ACSISDR,
  author =       {Tim Jenness and Malcolm J. Currie and Remo
                  P. J. Tilanus and Brad Cavanagh and David S. Berry
                  and Jamie Leech and Luca Rizzi},
  title =        "{Automated reduction of submillimetre single-dish
                  heterodyne data from the James Clerk Maxwell
                  Telescope using ORAC-DR}",
  journal =      {\mnras},
  year =         2015,
  volume =       {submitted},
}

@Article{2015Economou,
  author =       {Frossie Economou and others},
  title =        "{Observatory/data centre partnerships and the
                  VO-centric archive: The JCMT Science Archive
                  experience}",
  archivePrefix ="arXiv",
  eprint =       {1412.4399},
  journal =      {Astron.\ Comp.},
  doi =          {10.1016/j.ascom.2014.12.005},
  year =         2015,
  volume =       {in press},
}

@Article{2015HDS,
  author =       {Tim Jenness},
  title =        "{Reimplementing the Hierarchical Data System in
                  HDF5}",
  journal =      {Astron.\ Comp.},
  year =         2015,
  volume =       {submitted}
}

@Article{2015NDF,
  author =       {Tim Jenness and others},
  title =        "{Learning from 25 years of the extensible
                  \emph{N}-Dimensional Data Format}",
  journal =      {Astron.\ Comp.},
  year =         2015,
  archivePrefix ="arXiv",
  eprint =       {1410.7513},
  doi =          {10.1016/j.ascom.2014.11.001},
  volume =       {in press}
}

@Article{COADD,
  author =       {David Hughes},
  title =        "{COADD: UKT14 continuum reduction software for long
                  integrations}",
  journal =      {The JCMT-UKIRT Newsletter},
  year =         1993,
  volume =       5,
  pages =        32,
}

@Manual{SPECX,
  title =        {SPECX V6.3 Users' Manual},
  author =       {Rachael Padman},
  organization = {University of Cambridge},
  year =         1993
}

@TechReport{SUN132,
  author =       {J. F. Lightfoot and P. A. Harrison and
                  H. Meyerdierks and Tim Jenness},
  title =        {JCMTDR -- Applications for Reducing JCMT GSD Data},
  institution =  {Starlink Project},
  year =         2003,
  type =         {Starlink User Note},
  number =       132
}

@TechReport{SUN229,
  author =       {Tim Jenness and Remo P. J. Tilanus and Horst
                  Meyerdierks and Jon Fairclough},
  title =        {The Global Section Datafile (GSD) access library},
  institution =  {Joint Astronomy Centre},
  year =         1999,
  type =         {Starlink User Note},
  number =       229
}

@TechReport{SUN259,
  author =       {Jen Balfour},
  title =        "{GSD2ACSIS}",
  institution =  {Joint Astronomy Centre},
  year =         2008,
  type =         {Starlink User Note},
  number =       259
}

@Manual{UNIPOPS,
  title =        {The Unipops Cookbook},
  author =       {Chris Salter and Ronald J. Maddalena and Bob
                  Garwood},
  organization = {NRAO},
  year =         1995,
}

@TechReport{mtdn84,
  author =       {Jon Fairclough and Rachael Padman and Sidney
                  Kenderdine and David Titerington},
  title =        {GSDD -- General Single Dish Data Format System},
  institution =  {James Clerk Maxwell Telescope},
  year =         1987,
  note =         {MT/DN/8.4},
}

@TechReport{mtdn85,
  author =       {James Scobbie},
  title =        {JCMT Single Dish Data System},
  institution =  {Joint Astronomy Centre},
  year =         1994,
  note =         {MT/DN/8.5},
}

@TechReport{mtin33,
  author =       {Jon Fairclough},
  title =        "{GSD -- Global Section Datafile System}",
  institution =  {James Clerk Maxwell Telescope},
  year =         1988,
  note =         {MT/IN/33.2},
}
